<?xml version="1.0" encoding="utf-8"?>
<record xmlns="http://www.loc.gov/MARC21/slim" xmlns:xsi="http://www.w3.org/2001/XMLSchema-instance" xsi:schemaLocation="http://www.loc.gov/MARC21/slim http://www.loc.gov/standards/marcxml/schema/MARC21slim.xsd">
	<leader>     nam a22        4500</leader>
	<controlfield tag="001">2871856</controlfield>
	<controlfield tag="003">NNC</controlfield>
	<controlfield tag="006">m        d        </controlfield>
	<controlfield tag="007">cr cn |||m|||a</controlfield>
	<controlfield tag="008">150723s1964    iq      ob    000 0 ara  </controlfield>
	<datafield ind1=" " ind2=" " tag="040">
		<subfield code="a">NNU</subfield>
		<subfield code="b">eng</subfield>
		<subfield code="e">rda</subfield>
		<subfield code="c">NNU</subfield>
	</datafield>
	<datafield ind1="0" ind2="4" tag="050">
		<subfield code="a">BP80.F36</subfield>
		<subfield code="b">M7 1964</subfield>
	</datafield>
	<datafield ind1="1" ind2=" " tag="100">
		<subfield code="6">880-01</subfield>
		<subfield code="a">Sharaf al-Dīn, ʻAbd al-Ḥusayn.</subfield>
	</datafield>
	<datafield ind1="1" ind2="3" tag="245">
		<subfield code="6">880-02</subfield>
		<subfield code="a">al-Fuṣūl al-muhimmah fī taʼlīf al-ummah /</subfield>
		<subfield code="c">li-ʻAbd al-Husayn Sharaf al-Dīn al-Mūsawī. Wa-yalīha al-Kalimah al-gharrāʼ fī tafṣīl al-zahrā / lil-muʼallif ayḍan.</subfield>
	</datafield>
	<datafield ind1=" " ind2=" " tag="250">
		<subfield code="6">880-03</subfield>
		<subfield code="a">al-Ṭabʼah 5.</subfield>
	</datafield>
	<datafield ind1=" " ind2=" " tag="260">
		<subfield code="6">880-04</subfield>
		<subfield code="a">[al-Najaf] :</subfield>
		<subfield code="b">Dār al-Nuʻmān lil-Ṭibāʻah wa-al-Nashr,</subfield>
		<subfield code="c">[1964]</subfield>
	</datafield>
	<datafield ind1=" " ind2=" " tag="300">
		<subfield code="a">online resource (256 pages)</subfield>
	</datafield>
	<datafield ind1=" " ind2=" " tag="336">
		<subfield code="a">text</subfield>
		<subfield code="2">rdacontent</subfield>
	</datafield>
	<datafield ind1=" " ind2=" " tag="337">
		<subfield code="a">computer</subfield>
		<subfield code="2">rdamedia</subfield>
	</datafield>
	<datafield ind1=" " ind2=" " tag="338">
		<subfield code="a">online resource</subfield>
		<subfield code="2">rdacarrier</subfield>
	</datafield>
	<datafield ind1=" " ind2=" " tag="500">
		<subfield code="a">Part of the Arabic Collections Online (ACO) project, contributed by Columbia University Libraries.</subfield>
	</datafield>
	<datafield ind1=" " ind2=" " tag="504">
		<subfield code="a">Includes bibliographical references.</subfield>
	</datafield>
	<datafield ind1=" " ind2=" " tag="533">
		<subfield code="a">Electronic reproduction.</subfield>
		<subfield code="b">New York, N.Y. :</subfield>
		<subfield code="c">New York University,</subfield>
		<subfield code="d">2015.</subfield>
		<subfield code="5">NNU</subfield>
	</datafield>
	<datafield ind1="0" ind2="0" tag="600">
		<subfield code="6">880-05</subfield>
		<subfield code="a">Fāṭimah,</subfield>
		<subfield code="d">-632 or 633.</subfield>
	</datafield>
	<datafield ind1="0" ind2="7" tag="600">
		<subfield code="a">Fāṭimah,</subfield>
		<subfield code="d">-632 or 633.</subfield>
		<subfield code="2">fast</subfield>
		<subfield code="0">(OCoLC)fst01818087</subfield>
	</datafield>
	<datafield ind1="1" ind2="2" tag="700">
		<subfield code="6">880-06</subfield>
		<subfield code="a">Sharaf al-Dīn, ʻAbd al-Ḥusayn.</subfield>
		<subfield code="t">Kalimah al-gharrāʼ fī tafṣīl al-Zahrāʼ.</subfield>
	</datafield>
	<datafield ind1="2" ind2=" " tag="710">
		<subfield code="a">Columbia University.</subfield>
		<subfield code="b">Libraries.</subfield>
	</datafield>
	<datafield ind1="0" ind2=" " tag="730">
		<subfield code="a">Arabic Collections Online.</subfield>
	</datafield>
	<datafield ind1="0" ind2="2" tag="740">
		<subfield code="6">880-07</subfield>
		<subfield code="a">Kalimah al-gharrāʼ fī tafṣīl al-Zahrāʼ.</subfield>
	</datafield>
	<datafield ind1="0" ind2="8" tag="776">
		<subfield code="i">Online version:</subfield>
		<subfield code="a">al-Mūsawī, ʻAbd al-Ḥusayn ibn Sharaf al-Dīn.</subfield>
		<subfield code="t">Fuṣūl al-muhimmah fī taʼlīf al-ummah.</subfield>
		<subfield code="b">al-ṭabʼah 5.</subfield>
		<subfield code="d">[al-Najaf] Dār al-Nuʼmān lil-ṭabaʼah wa-al-nash. [1964]</subfield>
		<subfield code="w">(OCoLC)588824893</subfield>
	</datafield>
	<datafield ind1="0" ind2="8" tag="776">
		<subfield code="i">Print version:</subfield>
		<subfield code="a">Sharaf al-Dīn, ʻAbd al-Ḥusayn.</subfield>
		<subfield code="t">al-Fuṣūl al-muhimmah fī taʼlīf al-ummah</subfield>
		<subfield code="w">(NNC)2871856</subfield>
		<subfield code="w">(DLC)ne 66001983 </subfield>
		<subfield code="w">(OCoLC)7746930</subfield>
	</datafield>
	<datafield ind1="4" ind2="0" tag="856">
		<subfield code="u">http://hdl.handle.net/2333.1/w9ghx64w</subfield>
	</datafield>
	<datafield ind1="1" ind2=" " tag="880">
		<subfield code="6">100-01/r</subfield>
		<subfield code="a">شرف الدين، عبد الحسين.</subfield>
	</datafield>
	<datafield ind1="1" ind2="2" tag="880">
		<subfield code="6">245-02/r</subfield>
		<subfield code="a">الفصول المهمة في تأليف الأمة /</subfield>
		<subfield code="c">لعبد الحسين شرف الدين الموسوي. ويليها الكلمة الغراء في تفصيل [أي تفضيل] الزهراء / للمؤلف أيضا.</subfield>
	</datafield>
	<datafield ind1=" " ind2=" " tag="880">
		<subfield code="6">250-03/r</subfield>
		<subfield code="a">الطبعة 5.</subfield>
	</datafield>
	<datafield ind1=" " ind2=" " tag="880">
		<subfield code="6">260-04/r</subfield>
		<subfield code="a">[النجف] :</subfield>
		<subfield code="b">دار النعمان للطباعة والنشر،</subfield>
		<subfield code="c">[1964]</subfield>
	</datafield>
	<datafield ind1="0" ind2="4" tag="880">
		<subfield code="6">600-05/r</subfield>
		<subfield code="a">فاطمة،,</subfield>
		<subfield code="d">-632 or 633.</subfield>
	</datafield>
	<datafield ind1="1" ind2="2" tag="880">
		<subfield code="6">700-06/r</subfield>
		<subfield code="a">شرف الدين، عبد الحسين.</subfield>
		<subfield code="t">كلمة الغراء في تفصيل الزهراء.</subfield>
	</datafield>
	<datafield ind1="0" ind2="2" tag="880">
		<subfield code="6">740-07/r</subfield>
		<subfield code="a">كلمة الغراء في تفضيل الزهراء.</subfield>
	</datafield>
	<datafield ind1=" " ind2=" " tag="959">
		<subfield code="a">NNU</subfield>
		<subfield code="b">WEB</subfield>
		<subfield code="c">GENI</subfield>
		<subfield code="t">0</subfield>
		<subfield code="m">Electronic access</subfield>
		<subfield code="s">01</subfield>
	</datafield>
	<datafield ind1=" " ind2=" " tag="999">
		<subfield code="i">NNC_2871856</subfield>
		<subfield code="o">(OCoLC)ocm07746930 </subfield>
		<subfield code="s">columbia_aco001195</subfield>
	</datafield>
</record>
